[gd_scene load_steps=3 format=2]

[ext_resource path="res://core/Level.tscn" type="PackedScene" id=1]
[ext_resource path="res://core/Item.tscn" type="PackedScene" id=2]

[node name="MapLevel00" instance=ExtResource( 1 )]

[node name="HexMap" parent="." index="2"]
cell_custom_transform = Transform2D( 64, 0, 0, 55.4256, -32, -27.7128 )
tile_data = PoolIntArray( -196613, 16, 0, -196612, 16, 0, -196611, 16, 0, -196610, 16, 0, -196609, 16, 0, -262144, 16, 0, -262143, 16, 0, -262142, 16, 0, -262141, 16, 0, -262140, 16, 0, -262139, 16, 0, -131078, 16, 0, -131077, 16, 0, -131076, 16, 0, -131075, 16, 0, -131074, 16, 0, -131073, 16, 0, -196608, 16, 0, -196607, 16, 0, -196606, 16, 0, -196605, 16, 0, -196604, 16, 0, -196603, 16, 0, -65542, 16, 0, -65541, 16, 0, -65540, 16, 0, -65539, 16, 0, -65538, 16, 0, -65537, 16, 0, -131072, 16, 0, -131071, 16, 0, -131070, 16, 0, -131069, 16, 0, -131068, 16, 0, -131067, 16, 0, -131066, 16, 0, -7, 16, 0, -6, 16, 0, -5, 16, 0, -4, 16, 0, -3, 16, 0, -2, 16, 0, -1, 16, 0, -65536, 16, 0, -65535, 16, 0, -65534, 16, 0, -65533, 16, 0, -65532, 16, 0, -65531, 16, 0, -65530, 16, 0, 65529, 16, 0, 65530, 16, 0, 65531, 16, 0, 65532, 16, 0, 65533, 16, 0, 65534, 16, 0, 65535, 16, 0, 0, 16, 0, 1, 16, 0, 2, 16, 0, 3, 16, 0, 4, 16, 0, 5, 16, 0, 6, 16, 0, 7, 16, 0, 131065, 16, 0, 131066, 16, 0, 131067, 16, 0, 131068, 16, 0, 131069, 16, 0, 131070, 16, 0, 131071, 16, 0, 65536, 16, 0, 65537, 16, 0, 65538, 16, 0, 65539, 16, 0, 65540, 16, 0, 65541, 16, 0, 65542, 16, 0, 196602, 16, 0, 196603, 16, 0, 196604, 16, 0, 196605, 16, 0, 196606, 16, 0, 196607, 16, 0, 131072, 16, 0, 131073, 16, 0, 131074, 16, 0, 131075, 16, 0, 131076, 16, 0, 131077, 16, 0, 131078, 16, 0, 262138, 16, 0, 262139, 16, 0, 262140, 16, 0, 262141, 16, 0, 262142, 16, 0, 262143, 16, 0, 196608, 16, 0, 196609, 16, 0, 196610, 16, 0, 196611, 16, 0, 196612, 16, 0, 196613, 16, 0, 327675, 16, 0, 327676, 16, 0, 327677, 16, 0, 327678, 16, 0, 327679, 16, 0, 262144, 16, 0, 262145, 16, 0, 262146, 16, 0, 262147, 16, 0, 262148, 16, 0, 262149, 16, 0 )

[node name="IsWord2" parent="Items" index="0" instance=ExtResource( 2 )]
position = Vector2( -160, -175.514 )
is_text = true
operator_name = "is"
hexagon_position = Vector2( -3, -3 )

[node name="IsWord3" parent="Items" index="1" instance=ExtResource( 2 )]
position = Vector2( -160, 157.039 )
is_text = true
operator_name = "is"
hexagon_position = Vector2( -3, 3 )

[node name="IsWord" parent="Items" index="2" instance=ExtResource( 2 )]
position = Vector2( 160, -175.514 )
is_text = true
operator_name = "is"
hexagon_position = Vector2( 2, -3 )

[node name="IsWord4" parent="Items" index="3" instance=ExtResource( 2 )]
position = Vector2( 160, 157.039 )
is_text = true
operator_name = "is"
hexagon_position = Vector2( 2, 3 )

[node name="YouWord" parent="Items" index="4" instance=ExtResource( 2 )]
position = Vector2( -96, -175.514 )
is_text = true
quality_name = "you"
hexagon_position = Vector2( -2, -3 )

[node name="YouWord2" parent="Items" index="5" instance=ExtResource( 2 )]
position = Vector2( -96, 157.039 )
is_text = true
quality_name = "stop"
hexagon_position = Vector2( -2, 3 )

[node name="RockWord" parent="Items" index="6" instance=ExtResource( 2 )]
position = Vector2( 96, -175.514 )
is_text = true
thing_name = "rock"
hexagon_position = Vector2( 1, -3 )

[node name="RockWord2" parent="Items" index="7" instance=ExtResource( 2 )]
position = Vector2( 192, -9.2376 )
thing_name = "monkey"
hexagon_position = Vector2( 3, 0 )
is_win = true

[node name="Monkey" parent="Items" index="8" instance=ExtResource( 2 )]
position = Vector2( 96, 157.039 )
is_text = true
thing_name = "monkey"
hexagon_position = Vector2( 1, 3 )

[node name="Rock" parent="Items" index="9" instance=ExtResource( 2 )]
position = Vector2( -32, -64.6632 )
thing_name = "rock"
hexagon_position = Vector2( -1, -1 )
is_push = true

[node name="Rock5" parent="Items" index="10" instance=ExtResource( 2 )]
position = Vector2( 32, -64.6632 )
thing_name = "rock"
hexagon_position = Vector2( 0, -1 )
is_push = true

[node name="Rock2" parent="Items" index="11" instance=ExtResource( 2 )]
position = Vector2( 0, -9.2376 )
thing_name = "rock"
is_push = true

[node name="Rock6" parent="Items" index="12" instance=ExtResource( 2 )]
position = Vector2( 64, -9.2376 )
thing_name = "rock"
hexagon_position = Vector2( 1, 0 )
is_push = true

[node name="Rock3" parent="Items" index="13" instance=ExtResource( 2 )]
position = Vector2( -64, -9.2376 )
thing_name = "rock"
hexagon_position = Vector2( -1, 0 )
is_push = true

[node name="Rock4" parent="Items" index="14" instance=ExtResource( 2 )]
position = Vector2( -32, 46.188 )
thing_name = "rock"
hexagon_position = Vector2( -1, 1 )
is_push = true

[node name="Rock7" parent="Items" index="15" instance=ExtResource( 2 )]
position = Vector2( 32, 46.188 )
thing_name = "rock"
hexagon_position = Vector2( 0, 1 )
is_push = true

[node name="PushWord" parent="Items" index="16" instance=ExtResource( 2 )]
position = Vector2( 224, -175.514 )
is_text = true
quality_name = "push"
hexagon_position = Vector2( 3, -3 )

[node name="PushWord2" parent="Items" index="17" instance=ExtResource( 2 )]
position = Vector2( 224, 157.039 )
is_text = true
quality_name = "win"
hexagon_position = Vector2( 3, 3 )

[node name="GodoWord" parent="Items" index="18" instance=ExtResource( 2 )]
position = Vector2( -224, -175.514 )
is_text = true
thing_name = "godo"
hexagon_position = Vector2( -4, -3 )

[node name="GodoWord2" parent="Items" index="19" instance=ExtResource( 2 )]
position = Vector2( -224, 157.039 )
is_text = true
thing_name = "elephant"
hexagon_position = Vector2( -4, 3 )

[node name="ElephantWord" parent="Items" index="20" instance=ExtResource( 2 )]
position = Vector2( -256, 101.614 )
thing_name = "elephant"
hexagon_position = Vector2( -4, 2 )
is_stop = true

[node name="Elephant" parent="Items" index="21" instance=ExtResource( 2 )]
position = Vector2( -192, 101.614 )
thing_name = "elephant"
hexagon_position = Vector2( -3, 2 )
is_stop = true

[node name="Elephant9" parent="Items" index="22" instance=ExtResource( 2 )]
position = Vector2( -256, -120.089 )
thing_name = "elephant"
hexagon_position = Vector2( -4, -2 )
is_stop = true

[node name="Elephant10" parent="Items" index="23" instance=ExtResource( 2 )]
position = Vector2( -192, -120.089 )
thing_name = "elephant"
hexagon_position = Vector2( -3, -2 )
is_stop = true

[node name="Elephant11" parent="Items" index="24" instance=ExtResource( 2 )]
position = Vector2( -128, -120.089 )
thing_name = "elephant"
hexagon_position = Vector2( -2, -2 )
is_stop = true

[node name="Elephant12" parent="Items" index="25" instance=ExtResource( 2 )]
position = Vector2( -64, -120.089 )
thing_name = "elephant"
hexagon_position = Vector2( -1, -2 )
is_stop = true

[node name="Elephant13" parent="Items" index="26" instance=ExtResource( 2 )]
position = Vector2( 0, -120.089 )
thing_name = "elephant"
hexagon_position = Vector2( 0, -2 )
is_stop = true

[node name="Elephant14" parent="Items" index="27" instance=ExtResource( 2 )]
position = Vector2( 64, -120.089 )
thing_name = "elephant"
hexagon_position = Vector2( 1, -2 )
is_stop = true

[node name="Elephant15" parent="Items" index="28" instance=ExtResource( 2 )]
position = Vector2( 128, -120.089 )
thing_name = "elephant"
hexagon_position = Vector2( 2, -2 )
is_stop = true

[node name="Elephant16" parent="Items" index="29" instance=ExtResource( 2 )]
position = Vector2( 192, -120.089 )
thing_name = "elephant"
hexagon_position = Vector2( 3, -2 )
is_stop = true

[node name="Elephant17" parent="Items" index="30" instance=ExtResource( 2 )]
position = Vector2( 256, -120.089 )
thing_name = "elephant"
hexagon_position = Vector2( 4, -2 )
is_stop = true

[node name="Elephant2" parent="Items" index="31" instance=ExtResource( 2 )]
position = Vector2( -128, 101.614 )
thing_name = "elephant"
hexagon_position = Vector2( -2, 2 )
is_stop = true

[node name="Elephant3" parent="Items" index="32" instance=ExtResource( 2 )]
position = Vector2( -64, 101.614 )
thing_name = "elephant"
hexagon_position = Vector2( -1, 2 )
is_stop = true

[node name="Elephant4" parent="Items" index="33" instance=ExtResource( 2 )]
position = Vector2( 0, 101.614 )
thing_name = "elephant"
hexagon_position = Vector2( 0, 2 )
is_stop = true

[node name="Elephant5" parent="Items" index="34" instance=ExtResource( 2 )]
position = Vector2( 64, 101.614 )
thing_name = "elephant"
hexagon_position = Vector2( 1, 2 )
is_stop = true

[node name="Elephant6" parent="Items" index="35" instance=ExtResource( 2 )]
position = Vector2( 128, 101.614 )
thing_name = "elephant"
hexagon_position = Vector2( 2, 2 )
is_stop = true

[node name="Elephant7" parent="Items" index="36" instance=ExtResource( 2 )]
position = Vector2( 192, 101.614 )
thing_name = "elephant"
hexagon_position = Vector2( 3, 2 )
is_stop = true

[node name="Elephant8" parent="Items" index="37" instance=ExtResource( 2 )]
position = Vector2( 256, 101.614 )
thing_name = "elephant"
hexagon_position = Vector2( 4, 2 )
is_stop = true

[node name="Godo" parent="Items" index="38" instance=ExtResource( 2 )]
position = Vector2( -192, -9.2376 )
thing_name = "godo"
hexagon_position = Vector2( -3, 0 )
is_you = true
