[gd_scene load_steps=10 format=2]

[ext_resource path="res://addons/godot-plugin-is-you/entity/Level.gd" type="Script" id=1]
[ext_resource path="res://addons/godot-plugin-is-you/icon/giy.svg" type="Texture" id=2]
[ext_resource path="res://tilesets/GroundTileSet.tres" type="TileSet" id=3]
[ext_resource path="res://addons/godot-plugin-hexagonal-tilemap/node/HexagonalTileMap.gd" type="Script" id=4]
[ext_resource path="res://addons/godot-plugin-hexagonal-tilemap/icon/hexagon.svg" type="Texture" id=5]
[ext_resource path="res://sfx/ScreenFillCPUParticles2D.tscn" type="PackedScene" id=6]
[ext_resource path="res://gui/DefeatHints.tscn" type="PackedScene" id=7]

[sub_resource type="Animation" id=1]
resource_name = "Limbo"
tracks/0/type = "bezier"
tracks/0/path = NodePath("Hud/LimboHints:modulate:a")
tracks/0/interp = 1
tracks/0/loop_wrap = true
tracks/0/imported = false
tracks/0/enabled = true
tracks/0/keys = {
"points": PoolRealArray( 0, -0.25, 0, 0.25, 0, 1, -0.25, 0, 0.25, 0 ),
"times": PoolRealArray( 0, 1 )
}

[sub_resource type="Animation" id=2]
tracks/0/type = "bezier"
tracks/0/path = NodePath(".:modulate:r")
tracks/0/interp = 1
tracks/0/loop_wrap = true
tracks/0/imported = false
tracks/0/enabled = true
tracks/0/keys = {
"points": PoolRealArray( 1, -0.25, 0, 0.25, 0, 0, -0.25, 0, 0.25, 0 ),
"times": PoolRealArray( 0, 1 )
}
tracks/1/type = "bezier"
tracks/1/path = NodePath(".:modulate:g")
tracks/1/interp = 1
tracks/1/loop_wrap = true
tracks/1/imported = false
tracks/1/enabled = true
tracks/1/keys = {
"points": PoolRealArray( 1, -0.25, 0, 0.25, 0, 0, -0.25, 0, 0.25, 0 ),
"times": PoolRealArray( 0, 1 )
}
tracks/2/type = "bezier"
tracks/2/path = NodePath(".:modulate:b")
tracks/2/interp = 1
tracks/2/loop_wrap = true
tracks/2/imported = false
tracks/2/enabled = true
tracks/2/keys = {
"points": PoolRealArray( 1, -0.25, 0, 0.25, 0, 0, -0.25, 0, 0.25, 0 ),
"times": PoolRealArray( 0, 1 )
}
tracks/3/type = "bezier"
tracks/3/path = NodePath(".:modulate:a")
tracks/3/interp = 1
tracks/3/loop_wrap = true
tracks/3/imported = false
tracks/3/enabled = true
tracks/3/keys = {
"points": PoolRealArray(  ),
"times": PoolRealArray(  )
}
tracks/4/type = "value"
tracks/4/path = NodePath("ScreenFillCPUParticles2D1:emitting")
tracks/4/interp = 1
tracks/4/loop_wrap = true
tracks/4/imported = false
tracks/4/enabled = true
tracks/4/keys = {
"times": PoolRealArray( 0 ),
"transitions": PoolRealArray( 1 ),
"update": 1,
"values": [ true ]
}
tracks/5/type = "value"
tracks/5/path = NodePath("ScreenFillCPUParticles2D2:emitting")
tracks/5/interp = 1
tracks/5/loop_wrap = true
tracks/5/imported = false
tracks/5/enabled = true
tracks/5/keys = {
"times": PoolRealArray( 0 ),
"transitions": PoolRealArray( 1 ),
"update": 1,
"values": [ true ]
}
tracks/6/type = "value"
tracks/6/path = NodePath("ScreenFillCPUParticles2D3:emitting")
tracks/6/interp = 1
tracks/6/loop_wrap = true
tracks/6/imported = false
tracks/6/enabled = true
tracks/6/keys = {
"times": PoolRealArray( 0 ),
"transitions": PoolRealArray( 1 ),
"update": 1,
"values": [ true ]
}
tracks/7/type = "value"
tracks/7/path = NodePath("ScreenFillCPUParticles2D4:emitting")
tracks/7/interp = 1
tracks/7/loop_wrap = true
tracks/7/imported = false
tracks/7/enabled = true
tracks/7/keys = {
"times": PoolRealArray( 0 ),
"transitions": PoolRealArray( 1 ),
"update": 1,
"values": [ true ]
}
tracks/8/type = "method"
tracks/8/path = NodePath(".")
tracks/8/interp = 1
tracks/8/loop_wrap = true
tracks/8/imported = false
tracks/8/enabled = true
tracks/8/keys = {
"times": PoolRealArray( 1 ),
"transitions": PoolRealArray( 1 ),
"values": [ {
"args": [  ],
"method": "go_back_to_map"
} ]
}

[node name="Level" type="Node2D"]
script = ExtResource( 1 )
__meta__ = {
"_editor_icon": ExtResource( 2 )
}

[node name="Camera2D" type="Camera2D" parent="."]
current = true

[node name="AnimationPlayer" type="AnimationPlayer" parent="."]
anims/Limbo = SubResource( 1 )
anims/Victory = SubResource( 2 )

[node name="HexMap" type="TileMap" parent="."]
mode = 2
tile_set = ExtResource( 3 )
cell_custom_transform = Transform2D( 64, 0, 0, 55.4256, -32, -27.7128 )
cell_half_offset = 0
cell_y_sort = true
format = 1
tile_data = PoolIntArray( -1, 0, 0, -65536, 0, 0, 65535, 0, 0, 0, 4, 0, 1, 0, 0, 131071, 0, 0, 65536, 0, 0 )
script = ExtResource( 4 )
__meta__ = {
"_editor_icon": ExtResource( 5 )
}

[node name="Fixtures" type="Node2D" parent="."]

[node name="Items" type="Node2D" parent="."]

[node name="ScreenFillCPUParticles2D1" parent="." instance=ExtResource( 6 )]
position = Vector2( -506.001, -293.843 )
rotation = 0.785398
spread = 45.0

[node name="ScreenFillCPUParticles2D2" parent="." instance=ExtResource( 6 )]
position = Vector2( 506.369, -293.948 )
rotation = 2.35619
spread = 45.0

[node name="ScreenFillCPUParticles2D3" parent="." instance=ExtResource( 6 )]
position = Vector2( 507.34, 297.429 )

[node name="ScreenFillCPUParticles2D4" parent="." instance=ExtResource( 6 )]
position = Vector2( -507.033, 295.761 )

[node name="Hud" type="CanvasLayer" parent="."]
layer = 2

[node name="LimboHints" parent="Hud" instance=ExtResource( 7 )]
modulate = Color( 1, 1, 1, 0 )
